<?xml version="1.0" encoding="UTF-8"?><collection xmlns="http://www.loc.gov/MARC21/slim"><record><leader>00481nam--2200145-i-4500</leader><controlfield tag="001">000011259</controlfield><controlfield tag="002">20161230</controlfield><controlfield tag="005">20161230201029</controlfield><controlfield tag="008">060222s1000------------r-----000-0-eng-d</controlfield><datafield ind1=" " ind2=" " tag="080"><subfield code="a">539.17(047)</subfield></datafield><datafield ind1=" " ind2=" " tag="100"><subfield code="a">Actor, A., Korner, J.G.And Bender, I</subfield></datafield><datafield ind1=" " ind2=" " tag="245"><subfield code="a">Helicity content of the elektro-excitation of leading baryon resonances from duality and t-channel contraints</subfield></datafield><datafield ind1=" " ind2=" " tag="260"><subfield code="a">Hamburg, Deutsches Elektronen-synchrotron, 1976 15 P. + 5 Figuri</subfield></datafield><datafield ind1=" " ind2=" " tag="490"><subfield code="a">76/57</subfield></datafield><datafield ind1=" " ind2=" " tag="852"><subfield code="a">51397</subfield></datafield></record></collection>